@phdthesis{ZoritaET,
    title    = {Space-frequency coded OFDM for underwater acoustic communications},
    school   = {Northeastern University, Massachusetts Institute of Technology, Universitat Politecnica de Catalunya},
    author   = {Zorita, Eduard},
    year     = {2012},
}

@phdthesis{ZoritaEE,
    title    = {Statistical models for genome sequence mapping},
    school   = {Universitat Politecnica de Catalunya, Centre de Regulacio Genomica},
    author   = {Zorita, Eduard},
    year     = {2016},
}


@Article{Chen2017,
author={Chen, Heng-Chang
and Martinez, Javier P.
and Zorita, Eduard
and Meyerhans, Andreas
and Filion, Guillaume J.},
title={Position effects influence HIV latency reversal},
journal={Nature Structural \& Molecular Biology},
year={2017},
month={1},
publisher={Nature Publishing Group},
volume={24},
number={1},
pages={47-54},
note={Article},
issn={1545-9993},
url={http://dx.doi.org/10.1038/nsmb.3328}
}

@article{doi:10.1093/bioinformatics/btv053,
author = {Zorita, Eduard and Cuscó, Pol and Filion, Guillaume J.},
title = {Starcode: sequence clustering based on all-pairs search},
journal = {Bioinformatics},
volume = {31},
number = {12},
pages = {1913-1919},
year = {2015},
doi = {10.1093/bioinformatics/btv053},
URL = { + http://dx.doi.org/10.1093/bioinformatics/btv053},
eprint = {/oup/backfile/Content_public/Journal/bioinformatics/31/12/10.1093/bioinformatics/btv053/2/btv053.pdf}
}

@ARTICLE{6812215,
author={E. Zorita and M. Stojanovic},
journal={IEEE Journal of Oceanic Engineering},
title={Space-Frequency Block Coding for Underwater Acoustic Communications},
year={2015},
volume={40},
number={2},
pages={303-314},
keywords={OFDM modulation;block codes;channel estimation;error statistics;quadrature phase shift keying;underwater acoustic communication;Alamouti coherence requirement;Alamouti space-frequency block coding;Doppler prediction;OFDM system;QPSK;adaptive channel estimation method;bit error rate;decision-directed operation;orthogonal frequency-division multiplexing system;quadrature phase-shift keying;shallow-water channel;time smoothing;underwater acoustic channel;underwater acoustic communications;Acoustics;Block codes;Channel estimation;Delays;Doppler effect;OFDM;Transmitters;Adaptive channel estimation;Alamouti;multiple-input–multiple-output (MIMO);orthogonal frequency-division multiplexing (OFDM);space–frequency block coding;underwater acoustic communication},
doi={10.1109/JOE.2014.2316558},
ISSN={0364-9059},
month={4},}

@INPROCEEDINGS{5947098,
author={J. Vidal and A. Agustín and S. Lagén and E. Zorita and O. Muñoz and A. Garcia Armada and M. S. Fernández},
booktitle={2011 IEEE International Conference on Acoustics, Speech and Signal Processing (ICASSP)},
title={Network-MIMO backhauling for QOS-constrained relay transmission},
year={2011},
pages={3332-3335},
keywords={Equations;Interference;MIMO;Relays;Resource management;Strontium;Wireless communication;Network-MIMO;QoS;Relay transmissions},
doi={10.1109/ICASSP.2011.5947098},
ISSN={1520-6149},
month={5},}

@INPROCEEDINGS{6404916,
author={E. Zorita and M. Stojanovic},
booktitle={2012 Oceans},
title={Space-frequency coded OFDM for underwater acoustic communications},
year={2012},
pages={1-5},
keywords={OFDM modulation;acoustic receivers;adaptive codes;adaptive estimation;block codes;channel coding;channel estimation;quadrature phase shift keying;time-varying channels;transfer functions;underwater acoustic communication;Alamouti coding;Doppler prediction;OFDM system;QPSK;adaptive channel estimation method;adaptive receiver;channel transfer function;data transmission;diversity transmission;frequency 10 kHz to 15 kHz;pilot overhead reduction;shallow water channel;single-transmitter case;space-frequency block coding scheme;time-smoothing;time-varying channel;underwater acoustic communication channel;velocity 0.5 m/s to 2 m/s;Acoustics;Bit error rate;Channel estimation;Coherence;Matching pursuit algorithms;OFDM;Receivers},
doi={10.1109/OCEANS.2012.6404916},
ISSN={0197-7385},
month={11},}

@INPROCEEDINGS{7074081,
author={A. Agustin and J. Vidal and S. Lagen and E. Zorita},
booktitle={2011 19th European Signal Processing Conference},
title={Network MIMO for downlink in-band relay transmissions with relaying phases of fixed duration},
year={2011},
pages={1819-1823},
keywords={MIMO communication;cellular radio;energy conservation;network coding;optimisation;precoding;radiofrequency interference;relay networks (telecommunication);telecommunication power management;BS-RS based cellular system deployment;N-MIMO;RS-MS access;base stations;coverage homogeneity enhancement;downlink in-band relay transmission;half-duplex relay station;network-MIMO;power allocation;power efficiency enhancement;precoder optimization;relay-transmit phases;spectral efficiency enhancement;wireless backhaul;Bit rate;Downlink;Interference;MIMO;Optimization;Relays;Resource management;Network-MIMO;QoS;Relay transmissions},
ISSN={2076-1465},
month={8},}


